@book{Literaturbeispiel:tom,
  author = {Hans Gustav},
  year = {2069},
  title = {Dreizehntes Gesetz zur Ã„nderung des Manzkes},
  url = {https://www.fh-kiel.de/fachbereiche/informatik-und-elektrotechnik/wir-ueber-uns/lehre/professores-lehrkraefte-fuer-besondere-aufgaben-lfba/manzke-prof-dr-robert/},
  date = {01.23.4569},
  urldate = {12.2.2021},
}